<?xml version="1.0" encoding="UTF-8"?><collection xmlns="http://www.loc.gov/MARC21/slim"><record><leader>00365nam--2200121-i-4500</leader><controlfield tag="001">000028016</controlfield><controlfield tag="002">20161230</controlfield><controlfield tag="005">20161230201037</controlfield><controlfield tag="008">060222s1000------------r-----000-0-eng-d</controlfield><datafield ind1=" " ind2=" " tag="080"><subfield code="a">33(D)23=R</subfield></datafield><datafield ind1=" " ind2=" " tag="245"><subfield code="a">Legea pt.adoptarea planului de stat de dezvoltare a economiei nationale pe anii 1966-1970</subfield></datafield><datafield ind1=" " ind2=" " tag="260"><subfield code="a">Bucuresti, Ed.Politica, 1966, 14p.+ 12 Tabele</subfield></datafield><datafield ind1=" " ind2=" " tag="852"><subfield code="a">24513</subfield></datafield></record></collection>